1448533418,346.620000000000,0.048064850000
1448533418,346.640000000000,0.048060690000
1448533418,346.680000000000,0.029356530000
1448533418,346.610000000000,0.035858310000
1448533419,346.600000000000,0.017774670000
1448533427,346.600000000000,0.018300000000
1448533433,346.770000000000,0.023148400000
1448533433,346.690000000000,0.018500000000
1448533440,346.600000000000,0.018500000000
1448533445,346.600000000000,0.587665740000
1448533447,346.790000000000,12.325759100000
1448533453,346.790000000000,3.005514260000
1448533453,346.600000000000,0.018500000000
1448533460,346.600000000000,0.018600000000
1448533469,346.600000000000,0.018600000000
1448533479,346.600000000000,0.018700000000
1448533483,346.600000000000,0.017400000000
1448533522,346.910000000000,0.022780000000
1448533523,346.980000000000,1.535378970000
1448533523,346.980000000000,0.022780000000
1448533536,346.970000000000,4.377220000000
1448533537,346.970000000000,0.021770000000
1448533544,346.960000000000,25.003500000000
1448533547,346.950000000000,0.021500000000
1448533547,346.950000000000,0.020000000000
1448533555,346.970000000000,0.302850390000
1448533557,346.960000000000,1.560824500000
1448533569,346.970000000000,8.961400000000
1448533569,346.970000000000,1.326589840000
1448533570,346.950000000000,0.104776740000
1448533570,346.950000000000,0.075385740000
1448533570,346.950000000000,0.309107090000
1448533570,346.950000000000,0.023654640000
1448533570,346.950000000000,0.041108980000
1448533571,346.950000000000,0.133462810000
1448533576,346.950000000000,0.020000000000
1448533582,346.950000000000,8.425044190000
1448533583,346.950000000000,2.990365490000
1448533585,346.930000000000,0.020000000000
1448533591,346.950000000000,0.014411300000
1448533593,346.950000000000,0.525200000000
1448533602,346.950000000000,0.021500000000
1448533602,346.980000000000,0.098500000000
1448533607,346.930000000000,0.028021210000
1448533607,346.900000000000,0.048025360000
1448533607,346.900000000000,0.014410890000
1448533612,346.900000000000,2.231173900000
1448533614,346.990000000000,0.022770000000
1448533614,346.980000000000,18.366121030000
1448533614,347.000000000000,0.022730000000
1448533614,346.980000000000,5.739400000000
1448533614,347.000000000000,0.520837100000
1448533614,346.990000000000,0.250000000000
1448533615,347.030000000000,0.022750000000
1448533615,347.000000000000,1.049000000000
1448533615,347.000000000000,0.570890000000
1448533615,347.000000000000,0.900000000000
1448533615,347.020000000000,0.034580130000
1448533615,347.000000000000,0.290242060000
1448533615,347.020000000000,1.892408470000
1448533616,347.190000000000,0.034563200000
1448533616,347.080000000000,0.022720000000
1448533616,347.240000000000,16.740000000000
1448533616,347.170000000000,0.014402170000
1448533617,347.290000000000,0.022770000000
1448533617,347.330000000000,0.022740000000
1448533617,347.470000000000,6.000000000000
1448533617,347.360000000000,0.034546290000
1448533618,347.500000000000,0.174600000000
1448533618,347.520000000000,8.000000000000
1448533618,347.530000000000,0.023019590000
1448533619,347.630000000000,0.022690000000
1448533619,347.580000000000,0.020000000000
1448533619,347.570000000000,0.022690000000
1448533619,347.580000000000,2.866200000000
1448533619,347.580000000000,0.002780000000
1448533619,347.690000000000,0.880554030000
1448533620,347.700000000000,0.034512510000
1448533620,347.790000000000,0.014664050000
1448533620,347.760000000000,5.000000000000
1448533620,347.700000000000,14.610000000000
1448533621,347.910000000000,18.884000000000
1448533621,347.870000000000,0.034495640000
1448533621,347.810000000000,17.180000000000
1448533622,347.910000000000,11.070516960000
1448533622,347.910000000000,0.332947240000
1448533622,347.940000000000,0.022670000000
1448533622,347.930000000000,18.196500000000
1448533622,347.910000000000,15.858872670000
1448533622,347.910000000000,5.860000000000
1448533622,347.910000000000,0.262885540000
1448533622,347.910000000000,0.049764480000
1448533622,347.910000000000,0.274379380000
1448533622,347.910000000000,3.218380090000
1448533623,347.940000000000,0.100000000000
1448533623,347.950000000000,0.022670000000
1448533623,347.970000000000,0.140514000000
1448533623,347.970000000000,0.080194040000
1448533623,347.960000000000,50.000000000000
1448533624,348.000000000000,0.400000000000
1448533624,347.990000000000,3.000000000000
1448533624,347.980000000000,0.030000000000
1448533624,348.000000000000,2.000000000000
1448533624,348.000000000000,0.060000000000
1448533624,348.000000000000,1.000000000000
1448533624,347.980000000000,5.524853140000
1448533624,347.980000000000,30.000000000000
1448533625,348.000000000000,10.000000000000
1448533625,348.040000000000,0.034478790000
1448533625,348.010000000000,0.022650000000
1448533625,348.000000000000,3.411384940000
1448533626,348.200000000000,1.089500000000
1448533626,348.130000000000,1.800000000000
1448533626,348.090000000000,0.022700000000
1448533626,348.140000000000,17.348000000000
1448533627,348.270000000000,8.635167320000
1448533627,348.270000000000,0.061000000000
1448533627,348.210000000000,0.034461960000
1448533627,348.240000000000,0.022670000000
1448533628,348.300000000000,5.271180210000
1448533628,348.320000000000,0.020000000000
1448533628,348.380000000000,0.034445140000
1448533628,348.300000000000,0.148300000000
1448533628,348.320000000000,1.796970000000
1448533629,348.400000000000,0.022660000000
1448533629,348.400000000000,5.000000000000
1448533629,348.390000000000,15.930100000000
1448533630,348.550000000000,0.034428340000
1448533630,348.470000000000,12.932000000000
1448533630,348.480000000000,16.456000000000
1448533630,348.480000000000,1.000000000000
1448533630,348.550000000000,1.938903680000
1448533630,348.470000000000,0.200000000000
1448533630,348.550000000000,1.011744440000
1448533631,348.690000000000,0.035858310000
1448533631,348.700000000000,0.200000000000
1448533631,348.680000000000,0.252657670000
1448533632,348.760000000000,0.023025000000
1448533632,348.720000000000,15.930100000000
1448533632,348.720000000000,0.022941040000
1448533632,348.730000000000,0.022620000000
1448533633,348.760000000000,0.900332030000
1448533633,348.760000000000,0.434740220000
1448533641,348.460000000000,0.100000000000
1448533645,348.310000000000,0.020000000000
1448533648,348.310000000000,2.865263700000
1448533648,348.310000000000,0.069100000000
1448533650,347.620000000000,0.584895340000
1448533653,347.630000000000,0.029000000000
1448533662,348.290000000000,0.100000000000
1448533674,348.290000000000,2.480000000000
1448533678,348.290000000000,0.090503730000
1448533682,348.040000000000,0.999000000000
1448533682,348.290000000000,1.000000000000
1448533684,348.030000000000,0.600100000000
1448533684,347.610000000000,4.592599810000
1448533684,348.030000000000,0.099900000000
1448533684,347.610000000000,0.074150790000
1448533684,347.610000000000,0.496354140000
1448533685,347.610000000000,0.084949500000
1448533685,347.610000000000,0.090050500000
1448533687,347.620000000000,0.857628840000
1448533695,348.060000000000,5.090727350000
1448533696,348.050000000000,0.034200000000
1448533696,348.210000000000,5.434855650000
1448533713,348.140000000000,0.020000000000
1448533714,348.050000000000,0.047866680000
1448533714,348.110000000000,0.047858430000
1448533714,348.140000000000,0.027854310000
1448533714,348.080000000000,0.047862560000
1448533714,348.050000000000,0.253115030000
1448533714,348.070000000000,1.000000000000
1448533714,348.020000000000,0.047870810000
1448533716,348.000000000000,0.057327590000
1448533734,347.990000000000,0.033600000000
1448533746,348.000000000000,0.014361630000
1448533748,347.990000000000,0.014274930000
1448533751,347.990000000000,0.069000000000
1448533762,347.960000000000,0.047879060000
1448533764,347.870000000000,0.047891450000
1448533764,347.700000000000,0.808458980000
1448533764,347.900000000000,0.047887320000
1448533764,347.930000000000,0.047883190000
1448533768,347.960000000000,2.000000000000
1448533769,347.960000000000,0.582909850000
1448533770,347.990000000000,0.916725070000
1448533770,348.250000000000,1.254472360000
1448533770,347.960000000000,0.065238720000
1448533770,348.170000000000,0.603485300000
1448533772,347.960000000000,0.030400000000
1448533789,347.970000000000,13.323600000000
1448533791,347.970000000000,0.094589140000
1448533801,348.400000000000,1.000000000000
1448533801,348.200000000000,1.000000000000
1448533801,348.100000000000,1.000000000000
1448533801,348.320000000000,1.786710000000
1448533801,348.300000000000,1.000000000000
1448533801,348.430000000000,5.607906740000
1448533801,347.970000000000,0.528044860000
1448533802,347.100000000000,5.743500000000
1448533802,347.600000000000,2.979360540000
1448533802,347.960000000000,4.439619490000
1448533802,346.940000000000,3.661788770000
1448533802,347.580000000000,0.304200000000
1448533803,346.940000000000,4.940869330000
1448533803,346.940000000000,2.859441900000
1448533803,346.940000000000,2.813880000000
1448533804,346.940000000000,5.627770000000
1448533812,346.900000000000,0.020000000000
1448533815,346.900000000000,0.528446510000
1448533818,346.900000000000,1.263222140000
1448533829,346.900000000000,1.020000000000
1448533838,346.900000000000,0.810000000000
1448533841,346.900000000000,1.020000000000
1448533849,346.940000000000,1.581270000000
1448533854,346.910000000000,0.297000000000
1448533854,346.910000000000,0.649200000000
1448533855,346.880000000000,0.080800000000
1448533855,346.900000000000,0.290000000000
1448533880,346.910000000000,0.200000000000
1448533882,346.910000000000,1.020000000000
1448533886,346.940000000000,3.194356370000
1448533901,346.910000000000,2.090000000000
1448533906,346.910000000000,0.200000000000
1448533907,346.910000000000,5.773065540000
1448533921,346.910000000000,0.200000000000
1448533928,346.910000000000,0.400000000000
1448533928,346.940000000000,1.035164580000
1448533933,346.920000000000,0.442689340000
1448533933,346.910000000000,2.557310660000
1448533937,346.840000000000,0.048034360000
1448533937,346.770000000000,10.035316090000
1448533937,346.910000000000,37.559623800000
1448533937,346.860000000000,0.048030210000
1448533937,346.880000000000,0.522685300000
1448533937,346.800000000000,0.048038520000
1448533937,346.810000000000,0.048037830000
1448533937,346.780000000000,0.048041980000
1448533937,346.780000000000,0.048042670000
1448533937,346.880000000000,0.190000000000
1448533937,346.840000000000,0.048033670000
1448533937,346.900000000000,0.048026050000
1448533937,346.870000000000,0.048029520000
1448533944,346.940000000000,0.882535800000
1448533946,347.100000000000,0.115067700000
1448533954,346.770000000000,5.605942860000
1448533957,346.770000000000,0.329146910000
1448533987,346.720000000000,0.048050290000
1448533987,346.740000000000,0.048046830000
1448533987,346.720000000000,0.048050990000
1448533987,346.750000000000,0.048046140000
1448533991,346.700000000000,0.014418370000
1448533998,346.700000000000,1.010000000000
1448533999,346.700000000000,0.858822460000
1448534010,346.690000000000,0.048054450000
1448534012,346.890000000000,1.998054450000
1448534012,346.690000000000,0.001945550000
1448534041,346.620000000000,0.048063460000
1448534041,346.680000000000,0.048055150000
1448534041,346.660000000000,0.048059300000
1448534041,346.660000000000,0.048058610000
1448534041,346.670000000000,0.170000000000
1448534043,346.600000000000,0.170000000000
1448534053,346.600000000000,0.170000000000
1448534097,346.590000000000,0.031593530000
1448534106,346.560000000000,0.048071790000
1448534106,346.500000000000,0.048080110000
1448534106,346.540000000000,0.048075950000
1448534106,346.500000000000,0.290000000000
1448534106,346.550000000000,0.120000000000
1448534126,346.500000000000,1.000000000000
1448534132,346.510000000000,0.040000000000
1448534148,346.510000000000,0.998235760000
1448534179,346.590000000000,2.923236790000
1448534179,346.930000000000,0.660640130000
1448534179,346.900000000000,1.000000000000
1448534179,347.100000000000,0.970499280000
1448534189,347.100000000000,0.031200000000
1448534195,347.100000000000,0.028983000000
1448534203,346.880000000000,0.016600000000
1448534232,347.100000000000,0.068300000000
1448534271,347.100000000000,1.645391920000
1448534272,347.100000000000,0.020900000000
1448534273,347.390000000000,8.069259330000
1448534275,346.530000000000,0.372400000000
1448534275,346.880000000000,13.208340670000
1448534275,346.900000000000,0.150000000000
1448534327,347.000000000000,0.022100000000
1448534369,347.390000000000,0.060500000000
1448534381,347.000000000000,0.022100000000
1448534383,347.000000000000,0.243984430000
1448534383,346.810000000000,43.756015570000
1448534417,346.820000000000,0.584599280000
1448534420,347.200000000000,0.068900000000
1448534433,346.820000000000,0.020000000000
1448534438,347.200000000000,0.021800000000
1448534451,346.820000000000,0.163955830000
1448534490,346.840000000000,0.020200000000
1448534492,347.190000000000,4.884242060000
1448534499,346.840000000000,5.000000000000
1448534500,346.840000000000,1.069940860000
1448534500,347.190000000000,1.436533310000
1448534509,346.840000000000,5.000000000000
1448534510,346.840000000000,2.090906430000
1448534521,346.840000000000,6.948837200000
1448534525,346.840000000000,14.300950000000
1448534543,346.900000000000,0.048026050000
1448534543,346.860000000000,0.048030210000
1448534544,346.840000000000,0.048034360000
1448534544,346.830000000000,0.440872430000
1448534549,346.830000000000,1.140000000000
1448534554,347.200000000000,0.018907270000
1448534554,347.020000000000,0.200000000000
1448534554,346.840000000000,0.020200000000
1448534570,347.200000000000,0.333082070000
1448534572,347.390000000000,0.031292390000
1448534572,347.680000000000,2.474775650000
1448534597,347.650000000000,10.232081250000
1448534597,347.650000000000,5.743218750000
1448534598,347.650000000000,5.762600000000
1448534599,347.660000000000,5.317407810000
1448534604,347.280000000000,0.025400000000
1448534615,347.660000000000,1.200000000000
1448534620,347.810000000000,0.689756630000
1448534620,347.660000000000,0.482592190000
1448534620,347.680000000000,0.027651180000
1448534641,347.800000000000,2.670000000000
1448534643,347.960000000000,0.426579090000
1448534643,347.940000000000,16.556800000000
1448534643,347.970000000000,0.080000000000
1448534643,348.000000000000,0.500000000000
1448534643,347.960000000000,1.165777480000
1448534643,347.920000000000,2.979360540000
1448534643,347.810000000000,2.205591420000
1448534643,348.000000000000,0.700000000000
1448534643,347.960000000000,0.033300000000
1448534646,348.000000000000,0.020000000000
1448534647,348.320000000000,1.200000000000
1448534647,348.320000000000,0.637370000000
1448534648,348.470000000000,1.200000000000
1448534648,348.470000000000,1.200000000000
1448534649,347.800000000000,0.020000000000
1448534651,348.470000000000,0.029800000000
1448534652,348.480000000000,0.957816800000
1448534664,347.830000000000,0.584352500000
1448534692,348.260000000000,0.035300000000
1448534693,348.460000000000,7.000000000000
1448534702,348.470000000000,0.020000000000
1448534711,348.490000000000,1.000000000000
1448534712,348.730000000000,1.072233530000
1448534719,348.750000000000,3.429159250000
1448534729,348.900000000000,0.039300000000
1448534729,348.890000000000,0.034394790000
1448534729,348.900000000000,2.531124160000
1448534729,348.760000000000,1.000000000000
1448534749,348.910000000000,7.321766820000
1448534763,348.910000000000,0.044400000000
1448534781,348.940000000000,0.014357770000
1448534790,349.000000000000,1.000000000000
1448534790,348.970000000000,2.000000000000
1448534790,349.000000000000,1.035589110000
1448534790,349.000000000000,0.250000000000
1448534790,348.980000000000,0.014410890000
1448534790,348.980000000000,0.100000000000
1448534790,348.990000000000,0.600000000000
1448534793,348.910000000000,0.053733000000
1448534793,348.940000000000,0.611595110000
1448534793,348.910000000000,0.044400000000
1448534793,348.910000000000,0.032358380000
1448534797,348.910000000000,1.000800000000
1448534801,348.920000000000,0.040000000000
1448534811,348.920000000000,24.323800000000
1448534819,348.920000000000,0.343608530000
1448534821,349.000000000000,0.500000000000
1448534821,349.000000000000,3.500000000000
1448534821,349.000000000000,0.015500000000
1448534821,349.000000000000,4.000000000000
1448534821,349.000000000000,0.250000000000
1448534821,349.000000000000,0.550000000000
1448534821,349.000000000000,0.158380890000
1448534821,349.000000000000,1.162808960000
1448534821,349.000000000000,0.500000000000
1448534822,349.080000000000,0.022620000000
1448534822,349.230000000000,0.034361300000
1448534822,349.180000000000,0.022980000000
1448534822,349.060000000000,0.034378040000
1448534823,349.340000000000,0.022580000000
1448534823,349.400000000000,0.034344590000
1448534823,349.420000000000,5.000000000000
1448534823,349.350000000000,0.022580000000
1448534824,349.430000000000,0.245792450000
1448534824,349.470000000000,9.284859930000
1448534825,348.920000000000,0.044500000000
1448534849,349.100000000000,0.022975000000
1448534856,349.180000000000,0.045900000000
1448534861,349.180000000000,0.344456350000
1448534869,349.200000000000,0.047709040000
1448534869,349.180000000000,1.745260320000
1448534869,349.140000000000,0.047717240000
1448534869,349.170000000000,0.047713140000
1448534874,349.130000000000,0.511340860000
1448534876,349.110000000000,0.047721340000
1448534876,349.000000000000,0.952278660000
1448534880,349.000000000000,3.008085850000
1448534884,349.000000000000,0.239635490000
1448534884,348.940000000000,12.985305180000
1448534885,348.910000000000,0.005644370000
1448534885,348.930000000000,0.014355630000
1448534893,349.010000000000,0.100000000000
1448534899,349.110000000000,0.046700000000
1448534901,349.130000000000,0.381892130000
1448534906,349.130000000000,0.857245150000
1448534914,349.010000000000,0.045500000000
1448534916,349.130000000000,1.142840780000
1448534919,349.490000000000,0.020000000000
1448534919,349.200000000000,0.441455920000
1448534919,349.130000000000,14.793059220000
1448534919,349.140000000000,2.736870360000
1448534920,349.280000000000,2.044189390000
1448534925,349.490000000000,0.175168610000
1448534927,349.520000000000,1.965295260000
1448534930,349.520000000000,19.979514760000
1448534930,349.140000000000,1.970000000000
1448534944,349.140000000000,5.402446320000
1448534944,349.130000000000,1.480097220000
1448534945,349.130000000000,0.020000000000
1448534948,349.140000000000,0.047000000000
1448534950,349.470000000000,0.022935000000
1448534950,349.520000000000,1.020313570000
1448534958,349.520000000000,0.222619590000
1448534958,349.130000000000,1.033686430000
1448534958,349.140000000000,1.020313570000
1448534961,349.520000000000,0.100000000000
1448534970,349.410000000000,4.000000000000
1448534971,349.520000000000,0.460100000000
1448534971,349.500000000000,0.039900000000
1448534975,349.520000000000,0.166966840000
1448534975,349.520000000000,0.590933160000
1448534975,349.410000000000,0.050200000000
1448534989,349.520000000000,4.811513160000
1448534989,349.520000000000,1.020313570000
1448534991,349.530000000000,0.022560000000
1448534991,349.540000000000,0.025000000000
1448534992,349.570000000000,0.465114280000
1448534993,349.520000000000,0.510000000000
1448534998,349.570000000000,0.034327880000
1448534998,349.570000000000,0.173000000000
1448534998,349.570000000000,5.946145720000
1448534998,349.570000000000,0.034585350000
1448534999,349.570000000000,5.000000000000
1448535000,349.700000000000,0.022500000000
1448535000,349.600000000000,0.028794000000
1448535000,349.630000000000,7.059892210000
1448535001,349.750000000000,1.644974980000
1448535001,349.740000000000,0.034311200000
1448535004,349.130000000000,3.810000000000
1448535004,349.570000000000,0.700000000000
1448535004,349.520000000000,0.490000000000
1448535021,349.140000000000,0.200000000000
1448535029,349.520000000000,0.057400000000
1448535030,349.530000000000,0.033845440000
1448535030,349.140000000000,0.053000000000
1448535032,349.140000000000,0.020000000000
1448535036,349.140000000000,0.030000000000
1448535050,349.760000000000,49.601599930000
1448535050,349.530000000000,0.398400070000
1448535056,349.140000000000,0.038679500000
1448535056,349.150000000000,0.014320500000
1448535083,349.140000000000,0.053000000000
1448535096,349.500000000000,5.000000000000
1448535109,349.510000000000,1.200000000000
1448535111,349.510000000000,0.032100000000
1448535123,349.790000000000,0.200000000000
1448535126,349.790000000000,0.022945000000
1448535139,349.830000000000,0.030000000000
1448535139,349.890000000000,2.000634410000
1448535139,349.870000000000,1.000000000000
1448535139,349.850000000000,0.022600000000
1448535139,349.860000000000,1.200000000000
1448535139,349.830000000000,0.200000000000
1448535139,349.830000000000,0.053000000000
1448535139,349.860000000000,0.032100000000
1448535139,349.880000000000,1.000000000000
1448535139,349.830000000000,0.038679500000
1448535139,349.830000000000,0.053000000000
1448535139,349.800000000000,0.100000000000
1448535139,349.830000000000,0.020000000000
1448535139,349.860000000000,1.000000000000
1448535140,349.900000000000,1.000000000000
1448535140,349.900000000000,16.249986090000
1448535140,349.890000000000,1.000000000000
1448535145,349.920000000000,1.000000000000
1448535145,349.910000000000,0.022863020000
1448535145,349.910000000000,1.000000000000
1448535145,349.930000000000,0.500000000000
1448535145,349.910000000000,0.200000000000
1448535145,349.900000000000,3.750013910000
1448535146,349.970000000000,0.015942020000
1448535146,349.950000000000,1.000000000000
1448535146,350.000000000000,0.333045300000
1448535146,349.970000000000,5.000000000000
1448535146,349.980000000000,1.000000000000
1448535146,349.960000000000,1.000000000000
1448535146,349.980000000000,1.000000000000
1448535146,349.990000000000,1.000000000000
1448535146,349.970000000000,1.000000000000
1448535146,349.950000000000,0.200000000000
1448535146,350.000000000000,0.070000000000
1448535146,349.940000000000,1.000000000000
1448535146,350.000000000000,0.380000000000
1448535146,349.990000000000,5.000000000000
1448535146,349.950000000000,1.000000000000
1448535146,349.990000000000,0.039000000000
1448535146,349.930000000000,1.000000000000
1448535147,350.000000000000,0.016520060000
1448535147,350.000000000000,18.630000000000
1448535147,350.000000000000,2.033765690000
1448535147,350.000000000000,1.000000000000
1448535155,350.000000000000,0.997514290000
1448535157,350.000000000000,0.033430000000
1448535160,350.000000000000,4.369426170000
1448535160,350.000000000000,0.100000000000
1448535160,350.000000000000,4.793562910000
1448535160,350.000000000000,0.737010920000
1448535163,349.650000000000,0.000308320000
1448535163,349.790000000000,0.999691680000
1448535174,349.990000000000,0.850000000000
1448535193,350.000000000000,4.609528020000
1448535193,349.990000000000,4.150000000000
1448535193,350.000000000000,0.102700000000
1448535193,350.000000000000,0.017968630000
1448535193,350.000000000000,0.500000000000
1448535193,350.000000000000,4.000000000000
1448535193,350.000000000000,7.602989080000
1448535193,350.000000000000,0.300000000000
1448535193,350.000000000000,0.451587710000
1448535193,350.000000000000,4.000000000000
1448535194,350.000000000000,4.000000000000
1448535194,350.000000000000,14.834285660000
1448535194,350.000000000000,6.990839300000
1448535194,350.000000000000,0.180000000000
1448535194,350.000000000000,15.000000000000
1448535194,350.000000000000,0.173400000000
1448535194,350.000000000000,0.162811590000
1448535194,350.000000000000,0.022000000000
1448535194,350.000000000000,2.017374520000
1448535194,350.000000000000,1.000000000000
1448535194,350.000000000000,1.000000000000
1448535194,350.000000000000,3.694674920000
1448535194,350.000000000000,0.189840570000
1448535202,350.000000000000,0.081534410000
1448535202,350.000000000000,1.140000000000
1448535202,350.000000000000,3.009160700000
1448535202,350.000000000000,0.440872430000
1448535203,350.080000000000,0.034277870000
1448535203,350.140000000000,0.153360500000
1448535203,350.090000000000,0.014361630000
1448535204,350.000000000000,2.181428570000
1448535204,350.090000000000,0.555599990000
1448535204,349.650000000000,0.015730010000
1448535207,349.570000000000,0.830162770000
1448535213,349.570000000000,1.569442460000
1448535216,349.570000000000,0.165943000000
1448535220,349.570000000000,3.424181280000
1448535220,350.090000000000,6.575818720000
1448535233,350.090000000000,3.304693070000
1448535255,350.080000000000,0.153200000000
1448535256,350.080000000000,0.022537000000
1448535257,350.090000000000,13.740000000000
1448535257,350.140000000000,0.133954530000
1448535257,350.210000000000,0.002520000000
1448535257,350.090000000000,3.911488210000
1448535257,350.210000000000,0.020000000000
1448535258,350.240000000000,1.200000000000
1448535258,350.290000000000,0.022860000000
1448535258,350.260000000000,0.045680350000
1448535259,350.320000000000,0.022520000000
1448535259,350.360000000000,0.629977060000
1448535259,350.360000000000,0.022550000000
1448535259,350.360000000000,0.022550000000
1448535261,349.150000000000,0.167766020000
1448535263,349.140000000000,1.915348690000
1448535284,349.570000000000,1.915348690000
1448535285,350.060000000000,6.083590880000
1448535285,349.620000000000,0.431860430000
1448535285,350.050000000000,1.569200000000
1448535294,349.230000000000,0.297000000000
1448535304,350.060000000000,0.854853450000
1448535313,350.050000000000,10.000000000000
1448535316,350.060000000000,0.297000000000
1448535316,350.060000000000,4.822555670000
1448535317,350.060000000000,0.878600580000
1448535318,350.300000000000,1.518612610000
1448535321,349.700000000000,0.100000000000
1448535340,350.000000000000,1.478000000000
1448535341,350.000000000000,0.022553000000
1448535342,350.050000000000,4.198885870000
1448535344,349.700000000000,1.092695020000
1448535344,350.000000000000,3.127304980000
1448535345,349.700000000000,11.399645830000
1448535345,349.700000000000,0.021500000000
1448535348,349.530000000000,4.220000000000
1448535349,350.000000000000,0.022259000000
1448535351,350.000000000000,0.022108000000
1448535354,350.000000000000,0.044087000000
1448535356,350.000000000000,5.000000000000
1448535357,350.000000000000,0.021828000000
1448535358,350.000000000000,17.908632280000
1448535366,349.850000000000,0.080000000000
1448535366,349.710000000000,0.133776100000
1448535368,349.240000000000,0.080000000000
1448535375,349.690000000000,0.052000000000
1448535376,349.240000000000,1.219000000000
1448535383,349.500000000000,2.916137330000
1448535393,349.230000000000,2.000000000000
1448535394,349.230000000000,1.399000000000
1448535404,349.230000000000,2.674446320000
1448535404,349.220000000000,2.908912880000
1448535411,349.230000000000,0.115700000000
1448535417,349.230000000000,0.100000000000
1448535448,349.470000000000,6.769679800000
1448535451,349.230000000000,0.112230000000
1448535461,349.460000000000,0.570880790000
1448535474,349.460000000000,5.817319210000
1448535476,349.570000000000,0.112230000000
1448535476,349.470000000000,0.100000000000
1448535476,349.570000000000,0.100000000000
1448535476,349.570000000000,0.115700000000
1448535476,349.580000000000,12.304164990000
1448535491,349.240000000000,0.014316810000
1448535498,349.240000000000,0.014316400000
1448535503,349.220000000000,6.597644770000
1448535503,349.230000000000,8.926955230000
1448535507,349.240000000000,1.166263990000
1448535507,349.420000000000,1.014126010000
1448535508,349.420000000000,0.185873990000
1448535508,349.540000000000,0.214126010000
1448535525,349.220000000000,1.200000000000
1448535531,349.430000000000,1.742416510000
1448535531,349.230000000000,0.579660740000
1448535531,349.220000000000,15.923900000000
1448535534,349.220000000000,3.377617480000
1448535538,349.130000000000,8.656216350000
1448535539,349.070000000000,0.601913650000
1448535539,349.000000000000,0.020000000000
1448535539,349.000000000000,0.905209810000
1448535539,349.010000000000,0.854500000000
1448535539,349.000000000000,6.000000000000
1448535539,348.910000000000,0.294355630000
1448535540,348.040000000000,11.448300000000
1448535540,348.020000000000,6.975734080000
1448535540,348.530000000000,3.904710000000
1448535540,348.550000000000,5.649800000000
1448535540,348.370000000000,0.441455920000
1448535543,348.890000000000,1.000000000000
1448535544,348.520000000000,5.690000000000
1448535546,348.020000000000,4.024265920000
1448535546,348.020000000000,0.034480770000
1448535547,348.020000000000,28.420000000000
1448535548,348.000000000000,0.930467310000
1448535549,348.000000000000,0.830162770000
1448535557,347.840000000000,3.850000000000
1448535558,347.840000000000,0.985325100000
1448535560,348.230000000000,1.784251780000
1448535572,347.830000000000,1.070000000000
1448535575,347.830000000000,0.919600000000
1448535576,347.860000000000,1.091380000000
1448535601,347.870000000000,0.442985220000
1448535601,347.800000000000,0.656500000000
1448535601,347.800000000000,0.180755560000
1448535601,347.660000000000,0.032250000000
1448535601,347.310000000000,31.521450530000
1448535601,347.830000000000,1.784251780000
1448535605,347.830000000000,0.100379230000
1448535605,347.870000000000,2.860263890000
1448535605,347.870000000000,3.465614780000
1448535607,347.870000000000,23.974800540000
1448535608,347.310000000000,2.938360000000
1448535615,347.310000000000,1.200000000000
1448535617,347.280000000000,2.206200000000
1448535619,347.110000000000,1.674005110000
1448535629,347.310000000000,0.893207800000
1448535631,347.300000000000,2.000000000000
1448535635,347.300000000000,2.916137330000
1448535635,347.300000000000,0.600000000000
1448535635,347.300000000000,1.304938650000
1448535636,347.210000000000,1.200000000000
1448535636,347.300000000000,38.628097710000
1448535639,347.030000000000,1.655200000000
1448535639,346.830000000000,0.019127570000
1448535639,346.890000000000,9.629709710000
1448535639,347.020000000000,0.432245510000
1448535640,346.600000000000,4.670427000000
1448535640,346.510000000000,13.414440210000
1448535640,346.600000000000,18.370000000000
1448535641,346.510000000000,0.365367400000
1448535643,346.510000000000,6.000000000000
1448535678,347.200000000000,8.926955230000
1448535678,347.210000000000,1.797502450000
1448535689,347.280000000000,9.235197810000
1448535691,347.260000000000,5.487925320000
1448535691,347.270000000000,1.276876870000
1448535700,347.310000000000,0.085642340000
1448535702,348.560000000000,0.773209770000
1448535704,347.300000000000,0.025000000000
1448535709,347.330000000000,0.021999840000
1448535717,348.570000000000,8.823197810000
1448535717,348.540000000000,5.754000000000
1448535717,348.660000000000,5.422220000000
1448535718,348.600000000000,0.825415950000
1448535718,349.000000000000,16.000582190000
1448535718,348.990000000000,9.000000000000
1448535770,348.630000000000,0.021970000000
1448535790,348.960000000000,0.412000000000
1448535792,348.970000000000,1.017365380000
1448535820,348.230000000000,0.019950000000
1448535843,348.150000000000,0.016340000000
1448535843,348.230000000000,0.000050000000
1448535843,348.010000000000,1.564020000000
1448535854,348.950000000000,3.257945260000
1448535862,348.000000000000,0.024274930000
1448535877,348.000000000000,0.387725070000
1448535877,348.230000000000,0.020000000000
1448535899,347.830000000000,0.826400000000
1448535899,347.840000000000,19.093600000000
1448535899,347.830000000000,0.080000000000
1448535931,347.840000000000,0.069000000000
1448535937,347.840000000000,0.146427740000
1448535939,347.840000000000,0.181775010000
1448535953,348.040000000000,5.000000000000
1448535970,348.550000000000,0.926806110000
1448535985,348.300000000000,0.035346120000
1448535985,348.550000000000,0.033653880000
1448535987,348.040000000000,1.000000000000
1448536002,348.550000000000,0.020000000000
1448536085,348.040000000000,0.883317320000
1448536088,348.610000000000,0.029800000000
1448536088,348.610000000000,0.546031920000
1448536090,348.940000000000,1.425975810000
1448536122,348.040000000000,0.148614000000
1448536125,348.040000000000,0.263136380000
1448536134,348.040000000000,0.100000000000
1448536144,348.100000000000,0.019766100000
1448536185,348.040000000000,1.211135350000
1448536185,348.040000000000,0.951872490000
1448536185,348.040000000000,4.741620140000
1448536197,347.820000000000,0.033653880000
1448536197,347.680000000000,0.219540010000
1448536197,347.820000000000,0.020000000000
1448536197,347.820000000000,0.926806110000
1448536209,347.680000000000,0.100000000000
1448536222,347.970000000000,6.906000000000
1448536222,347.960000000000,5.712100000000
1448536222,347.900000000000,1.200000000000
1448536223,348.000000000000,3.181900000000
1448536238,347.680000000000,0.020566100000
1448536240,348.000000000000,6.000000000000
1448536240,348.000000000000,0.021760000000
1448536249,347.680000000000,0.171688140000
1448536249,347.840000000000,0.828311860000
1448536257,348.000000000000,0.137100000000
1448536275,348.000000000000,0.368848180000
1448536277,348.100000000000,11.896688180000
1448536277,348.000000000000,0.100000000000
1448536277,348.090000000000,5.736900000000
1448536277,348.000000000000,0.290391820000
1448536277,348.090000000000,1.976020000000
1448536310,347.840000000000,0.559050130000
1448536312,347.680000000000,0.314942970000
1448536312,347.570000000000,0.054463840000
1448536312,347.600000000000,0.028000000000
1448536313,347.510000000000,0.043543060000
1448536316,347.510000000000,0.408655990000
1448536330,347.840000000000,20.000000000000
1448536340,347.970000000000,0.828300000000
1448536342,348.090000000000,0.174983480000
1448536360,348.100000000000,1.336100710000
1448536366,348.110000000000,0.829000000000
1448536370,348.110000000000,39.238306260000
1448536397,347.890000000000,0.014386320000
1448536399,348.000000000000,10.010000000000
1448536423,348.010000000000,9.245517490000
1448536425,348.000000000000,47.291330190000
1448536433,348.000000000000,2.236008600000
1448536440,348.470000000000,2.290441070000
1448536504,348.000000000000,0.020000000000
1448536509,348.000000000000,1.000000000000
1448536537,348.250000000000,0.434050520000
1448536537,348.460000000000,1.651100740000
1448536537,348.240000000000,0.074300000000
1448536537,348.250000000000,0.829300000000
1448536561,348.490000000000,0.826800000000
1448536563,348.600000000000,2.034939750000
1448536576,348.600000000000,1.600000000000
1448536587,348.550000000000,0.500000000000
1448536595,348.000000000000,2.670412930000
1448536596,348.000000000000,0.021649710000
1448536596,348.000000000000,0.288225960000
1448536634,348.550000000000,0.329600000000
1448536635,348.580000000000,1.404584310000
1448536650,348.790000000000,0.100000000000
1448536650,348.960000000000,0.873239410000
1448536650,348.540000000000,1.915552360000
1448536650,348.960000000000,0.100000000000
1448536655,348.960000000000,4.794760590000
1448536657,348.970000000000,0.770467370000
1448536684,348.970000000000,0.040005000000
1448536712,348.410000000000,2.384350000000
1448536715,348.410000000000,0.619930000000
1448536717,348.410000000000,0.535660000000
1448536727,348.960000000000,0.220000000000
1448536729,348.980000000000,1.163372920000
1448536729,348.970000000000,0.189527630000
1448536729,348.980000000000,1.285478010000
1448536743,348.980000000000,0.500000000000
1448536749,348.540000000000,0.025263210000
1448536752,348.970000000000,0.500000000000
1448536765,349.320000000000,22.490000000000
1448536765,349.180000000000,0.432373610000
1448536765,349.210000000000,11.447600000000
1448536765,349.000000000000,3.459417850000
1448536765,349.230000000000,0.080000000000
1448536765,349.170000000000,0.430000000000
1448536765,348.970000000000,0.091089070000
1448536765,349.350000000000,4.128572230000
1448536765,349.230000000000,0.100000000000
1448536765,348.980000000000,0.720977080000
1448536765,349.220000000000,2.000040160000
1448536765,348.980000000000,0.619930000000
1448536797,348.700000000000,1.000000000000
1448536799,349.300000000000,0.595219000000
1448536800,349.300000000000,3.001385280000
1448536828,349.290000000000,0.052514830000
1448536841,348.650000000000,0.200000000000
1448536843,348.650000000000,0.300000000000
1448536844,348.650000000000,0.200000000000
1448536844,349.290000000000,0.145996190000
1448536845,349.290000000000,0.154003810000
1448536870,349.250000000000,0.095960490000
1448536880,349.250000000000,0.104039510000
1448536884,349.240000000000,0.145955790000
1448536886,349.250000000000,1.282118820000
1448536902,348.590000000000,0.020000000000
1448536924,348.690000000000,0.020000000000
1448536933,349.000000000000,0.257249280000
1448536939,348.690000000000,0.500000000000
1448536940,348.690000000000,0.820907080000
1448536940,348.690000000000,3.421092920000
1448536983,348.710000000000,1.000000000000
1448536983,348.700000000000,1.000000000000
1448536984,348.860000000000,0.981905410000
1448536989,348.570000000000,0.352730790000
1448536989,348.570000000000,0.088083730000
1448536989,348.690000000000,0.147269210000
1448537053,348.590000000000,0.834260000000
1448537055,348.540000000000,0.500000000000
1448537055,348.540000000000,0.091089070000
1448537055,348.540000000000,5.000000000000
1448537055,348.540000000000,4.974736790000
1448537055,348.570000000000,8.809781030000
1448537055,348.450000000000,5.697800000000
1448537056,348.400000000000,5.000000000000
1448537056,348.400000000000,4.018093110000
1448537056,348.400000000000,15.908500000000
1448537124,348.500000000000,2.504906740000
1448537124,348.450000000000,1.000000000000
1448537124,348.500000000000,0.100000000000
1448537131,348.400000000000,0.162660720000
1448537138,348.560000000000,1.000000000000
1448537138,348.590000000000,0.165740000000
1448537138,348.660000000000,1.000000000000
1448537138,348.430000000000,1.000000000000
1448537138,348.500000000000,7.495093260000
1448537138,348.580000000000,1.000000000000
1448537138,348.490000000000,15.986800000000
1448537138,348.640000000000,1.000000000000
1448537139,348.700000000000,1.000000000000
1448537139,348.700000000000,0.442985220000
1448537139,348.850000000000,4.414070510000
1448537139,348.680000000000,1.000000000000
1448537139,348.690000000000,1.000000000000
1448537142,348.400000000000,0.279758240000
1448537142,348.500000000000,0.021720000000
1448537196,348.460000000000,0.561600000000
1448537213,348.460000000000,0.020000000000
1448537260,348.460000000000,0.109370000000
1448537309,348.460000000000,0.010970000000
1448537309,348.460000000000,0.309030000000
1448537338,348.460000000000,2.643022600000
1448537342,348.460000000000,1.749286610000
1448537370,348.460000000000,0.019728810000
1448537380,348.460000000000,0.026400000000
1448537384,348.430000000000,0.443302810000
1448537384,348.400000000000,0.539487930000
1448537384,348.310000000000,0.225500000000
1448537384,348.270000000000,0.433565420000
1448537384,348.430000000000,0.574003380000
1448537384,348.120000000000,0.504133700000
1448537384,348.300000000000,2.000000000000
1448537384,348.230000000000,0.015000000000
1448537384,348.270000000000,0.830234720000
1448537387,348.120000000000,12.300214440000
1448537475,348.110000000000,0.141400000000
1448537488,348.110000000000,2.683530670000
1448537488,348.110000000000,0.043347190000
1448537490,348.450000000000,0.830200000000
1448537490,348.440000000000,5.642700000000
1448537490,348.430000000000,15.986800000000
1448537491,348.630000000000,1.000000000000
1448537491,348.580000000000,14.008300000000
1448537491,348.460000000000,5.550591980000
1448537491,348.460000000000,0.017276010000
1448537491,348.590000000000,1.000000000000
1448537492,348.860000000000,0.018094590000
1448537492,348.860000000000,1.000000000000
1448537492,348.850000000000,1.010000000000
1448537492,348.680000000000,11.437900000000
1448537492,348.780000000000,1.200000000000
1448537493,348.920000000000,1.000000000000
1448537493,348.910000000000,1.000000000000
1448537493,348.990000000000,2.033330000000
1448537493,348.930000000000,0.433565420000
1448537494,349.000000000000,36.459054440000
1448537528,348.730000000000,2.275490790000
1448537543,348.690000000000,15.986800000000
1448537543,348.490000000000,0.831000000000
1448537543,348.850000000000,1.010000000000
1448537543,348.740000000000,0.740700000000
1448537544,349.000000000000,71.321581220000
1448537546,349.000000000000,1.010000000000
1448537549,349.080000000000,3.192591960000
1448537554,349.070000000000,0.035000000000
1448537557,349.000000000000,0.742231470000
1448537561,349.070000000000,0.032420000000
1448537583,349.000000000000,0.825415950000
1448537619,349.000000000000,1.436609970000
1448537638,349.000000000000,1.000000000000
1448537646,349.010000000000,0.443302810000
1448537646,349.010000000000,1.000000000000
1448537648,349.020000000000,0.020000000000
1448537664,349.020000000000,0.980000000000
1448537679,349.200000000000,0.088083730000
1448537679,349.200000000000,0.352730790000
1448537679,349.230000000000,0.249973600000
1448537679,349.250000000000,2.045053920000
1448537690,349.280000000000,0.249953000000
1448537690,349.250000000000,0.820907080000
1448537690,349.250000000000,38.076234230000
1448537690,349.280000000000,0.777955090000
1448537690,349.260000000000,0.249976000000
1448537690,349.280000000000,0.249974600000
1448537690,349.250000000000,0.020000000000
1448537690,349.250000000000,0.500000000000
1448537694,349.250000000000,0.595750000000
1448537695,349.280000000000,1.200000000000
1448537696,349.470000000000,0.145405930000
1448537696,349.280000000000,3.022044910000
1448537696,349.480000000000,0.100000000000
1448537699,349.570000000000,8.707955230000
1448537700,349.450000000000,1.000000000000
1448537703,349.490000000000,0.030250000000
1448537706,349.580000000000,2.000000000000
1448537706,349.800000000000,0.500000000000
1448537706,350.000000000000,0.080000000000
1448537706,350.000000000000,16.399999620000
1448537706,349.580000000000,1.399000000000
1448537706,350.000000000000,2.228415040000
1448537706,349.580000000000,2.674446320000
1448537706,350.000000000000,4.000000000000
1448537706,350.000000000000,1.219000000000
1448537706,349.930000000000,25.750886290000
1448537706,350.000000000000,0.034542860000
1448537706,349.580000000000,0.890089510000
1448537707,350.410000000000,1.681330000000
1448537707,350.000000000000,1.569460000000
1448537707,350.300000000000,0.038400000000
1448537707,350.290000000000,0.100000000000
1448537707,350.220000000000,0.015000000000
1448537707,350.500000000000,1.000000000000
1448537707,350.530000000000,0.022540000000
1448537707,350.620000000000,0.034225080000
1448537707,350.530000000000,0.022510000000
1448537707,350.110000000000,0.020000000000
1448537707,350.440000000000,0.022530000000
1448537707,350.590000000000,1.145380170000
1448537707,350.800000000000,0.034207520000
1448537707,350.610000000000,5.000000000000
1448537707,350.400000000000,1.779170000000
1448537707,350.880000000000,0.019950000000
1448537707,350.790000000000,0.150000000000
1448537707,350.440000000000,0.022702920000
1448537707,350.790000000000,3.558340000000
1448537708,350.980000000000,0.034189980000
1448537708,350.890000000000,0.022520000000
1448537708,351.000000000000,0.500000000000
1448537708,351.000000000000,1.000000000000
1448537708,350.930000000000,0.045172190000
1448537708,350.880000000000,0.000050000000
1448537708,351.000000000000,0.250000000000
1448537713,351.000000000000,0.030250000000
